# Encoding: UTF-8

# primer knjige, diplome, rokopisa, ...
@book{froude1888resistance,
	title={The resistance of ships},
	author={Froude, William and Froude, Edmund},
	number={23},
	year={1888},
	publisher={US Government Printing Office}
}

@book{molland2017ship,
	title		= {Ship resistance and propulsion},
	author		= {Molland, A.F. and Turnock, S.R. and Hudson, D.A.},
	year		= {2017},
	publisher	= {Cambridge university press}
}

@book{glob,
  title     = {Analiza 1},
  year      = {2010},
  series    = {Matematični rokopisi \textbf{25}},
  author    = {Josip Globevnik and Miha Brojan},
  publisher = {DMFA -- založništvo},
  address   = {Ljubljana},
}

@book{lang,
  year      = {1999},
  publisher = {Springer New York},
  author    = {Serge Lang},
  title     = {Fundamentals of Differential Geometry},
}

@book{kalisnik,
	title     = {Upodobitev orbiterosti: diplomsko delo : {Prešernova} nagrada študentom},
	author    = {Kališnik, J. and Mrčun, J.},
	url       = {https://books.google.si/books?id=yhI8NQAACAAJ},
	year      = {2004},
	publisher = {J. Kališnik},
}

# primer referata
@article{zbornik,
  author    = {Sylvain E. Cappell and Julius L. Shaneson},
  journal   = {Annals of Mathematics},
  number    = {3},
  pages     = {539--552},
  publisher = {Annals of Mathematics},
  title     = {Singularities and Immersions},
  urldate   = {2023-01-01},
  volume    = {105},
  year      = {1977},
}

# internetni vir
@misc{web:lang:stats,
	author 	= {W3Techs},
	title 	= {Usage Statistics of Content Languages for Websites},
	year 	= {2017},
	note 	= {Last accessed 16 September 2017},
	url 	= {http://w3techs.com/technologies/overview/content_language/all}
}

@misc{wiki,
  author  = {{Wikipedia contributors}},
  title   = {Matrix (mathematics) --- {Wikipedia}{,} The Free Encyclopedia},
  year    = {2022},
  url     = {https://en.wikipedia.org/w/index.php?title=Matrix_(mathematics)&oldid=1128559126},
  urldate = {2023-01-01},
  label   = {wiki},
}

# primer članka z več avtorji
@article{vec-avtorjev,
  title     = {Straight-line rectangular drawings of clustered graphs},
  author    = {Angelini, Patrizio and Frati, Fabrizio and Kaufmann, Michael},
  journal   = {Discrete Comput. Geom.},
  publisher = {Springer Science and Business Media LLC},
  volume    = 45,
  number    = 1,
  pages     = {88--140},
  month     = jan,
  year      = 2011,
  language  = {en},
}

